@online{about,
  title   = {БГУИР - Учебная практика},
  urldate = {2024-05-16},
  url     = {https://www.bsuir.by/ru/kaf-ipie/uchebnaya-praktika}
}

@online{yandex,
  title   = {Чем занимается UX/UI-дизайнер или дизайнер интерфейсов},
  urldate = {2024-05-16},
  url     = {https://practicum.yandex.ru/interface-designer/}
}
